ISA*00*          *00*          *ZZ*REALMED        *ZZ*REALMED        *230328*1003*^*00501*365970738*0*P*:~GS*HP*REALMED*REALMED*20230328*1003*161188103*X*005010X221A1~ST*835*0001~BPR*I*346.02*C*ACH*CCP*01*031100209*DA*00000000038881632*1571062326**01*071921891*DA*4657078716*20230329~TRN*1*815216857*1571062326~REF*EV*ER2697~DTM*405*20230327~N1*PR*PALMETTO GBA - RAILROAD MEDICARE~N3*PO BOX 10066~N4*AUGUSTA*GA*309990001~REF*2U*00882~PER*CX*ATTN CUSTOMER SERVICE*TE*8772887600~PER*BL*PALMETTO GBA*TE*8772887600*TE*8883559165~N1*PE*BARGERSVILLE COMMUNITY FIRE*XX*1801125612~N3*PO BOX 56002~N4*INDIANAPOLIS*IN*462560002~REF*TJ*743163870~LX*1~CLP*BCB22002481-1*1*1120*346.02*88.27*MB*2223073293820*41*1~NM1*QC*1*OTT*BONNIE*J***MI*5YT2KA5HU28~MOA***MA01~DTM*050*20230314~SVC*HC:A0429:RH*900*290.69**1~DTM*472*20220912~CAS*CO*45*529.23**253*5.93~CAS*PR*2*74.15~REF*LU*41~REF*6R*3479676~AMT*B6*370.77~SVC*HC:A0425:RH*220*55.33**8.8~DTM*472*20220912~CAS*CO*45*149.42**253*1.13~CAS*PR*2*14.12~REF*LU*41~REF*6R*3479677~AMT*B6*70.58~SE*35*0001~GE*1*161188103~IEA*1*365970738~